@book{gandrud2013,
  title={Reproducible Research with R and R Studio},
  author={Gandrud, Christopher},
  year={2013},
  publisher={CRC Press}
}
